@inproceedings{marques2021glossophobia,
  title={GLOSSOPHOBIA IN UNIVERSITY GRADUATE DEGREES. {The} SPANISH CASE. {An} APPROACH TO ONLINE PUBLIC SPEAKING IN THE CONTEXT OF COVID-19},
  author={Marqu{\'e}s-Pascual, J. and Viol{\'a}n, M.},
  booktitle={15th International Technology, Education and Development Conference},
  pages={8587\-8593},
  year={2021},
  organization={IATED}
}

@article{tse2012glossophobia,
  title={Glossophobia of university students in {Malaysia}},
  author={Tse, A.},
  journal={International Journal of Asian Social Science},
  volume={2},
  number={11},
  pages={2061\-2073},
  year={2012}
}

@article{witkowski2022robust,
  title={Robust speaker verification with reverberation suppression and spoofing detection},
  author={Witkowski, M.},
  journal={PhD Thesis},
  year={2022}
}